@misc{ wiki:np-haardness,
  author = {Wikipedia, the free encyclopedia},
  title = "NP-hardness",
  year = s.d.,
  url = "https://en.wikipedia.org/wiki/NP-hardness",
  note = "[Online; acessado 23-Junho-2021]"
}
@BOOK{book:genetic_algo_data_structure,
  TITLE = {Genetic Algorithms+Data Structures=Evolution Programs},
  AUTHOR = {Zbigniew Michalewicz},
  YEAR = {1998}, % I looked it up
  PUBLISHER = {Springer},
}
@misc(code:TG_Code,
    author = {Pedro Alves},
    title = {\texttt{TG_Code}},
    year = {2021},
    publisher = {GitHub},
    journal = {GitHub Repository},
    howpublished = {\url{https://github.com/alvesouza/TG_Code}})
    
@misc(code:FreeCad_Miner,
    author = {Pedro Alves},
    title = {\texttt{FreeCad Miner.py}},
    year = {2021},
    publisher = {GitHub},
    journal = {GitHub Repository},
    howpublished = {\url{https://github.com/alvesouza/TG_Code}})
    
@misc(envoy:protoc-gen-validate,
    organization = {Envoy},
    title = {\texttt{protoc-gen-validate}},
    year = {2021},
    publisher = {GitHub},
    journal = {GitHub Repository},
    howpublished = {\url{https://github.com/envoyproxy/protoc-gen-validate}})

@misc(googl:protobuf,
    organization = {Google},
    title = {Protocol Buffers},
    year = {2008},
    publisher = {Google},
    howpublished = {\url{https://developers.google.com/protocol-buffers}})

@misc(googl:grpc,
    organization = {Google},
    title = {gRPC Remote Procedure Calls},
    year = 2016,
    howpublished = {\url{https://grpc.io/}})

@misc(openapi:gen,
    organization = {OpenAPITools},
    title = {OpenAPI Generator},
    year = {2018},
    publisher = {GitHub},
    journal = {GitHub repository},
    howpublished = {\url{https://github.com/OpenAPITools/openapi-generator}},
    commit = {da37e980d3fffb379bd8b7683dc08a4a8eebd671})

@misc(openapi:spec,
    organization = {OpenAPI Initiative},
    title = {OpenAPI Specification},
    year = 2021,
    version = "3.1.0",
    howpublished = {\url{https://spec.openapis.org/oas/v3.1.0}})
@misc(boost:software,
    organization = {{The Boost organization}},
    title = {{Boost}},
    author = {{The Boost organization}},
    year = s.d.,
    url = {https://www.boost.org/}
)
@incollection{boost:Python,
  title = {Boost.Python},
  author = {David Abrahams, Stefan Seefeld},
  year = 2021,
  url = {https://www.boost.org/doc/libs/1_76_0/libs/python/doc/html/index.html}
}   
@misc(FreeCad,
    organization = {The FreeCAD Team},
    title = {FreeCad},
    year = {s.d.},
    publisher = {The FreeCAD Team},
    howpublished = {\url{https://www.freecadweb.org/}}
)
@manual{
  FreeCad:Manual,
  title        = "Manual:Introduction",
  year         = 2020,
  url = {https://wiki.freecadweb.org/Manual:Introduction}
}
@incollection{boost:dynamic_bitset,
  title = {dynamic{\_}bitset<Block, Allocator>},
  author = {{Boost Project}},
  year = 2014,
  url = {https://www.boost.org/doc/libs/1_76_0/libs/dynamic_bitset/dynamic_bitset.html}
}   
@book{cgal:complete_manual,
  title = {{CGAL} User and Reference Manual},
  author = {{The CGAL Project}},
  publisher = {{CGAL Editorial Board}},
  edition = {{5.2.2}},
  year = 2021,
  url = {https://doc.cgal.org/5.2.2/Manual/packages.html}
}  
@misc(cgal:software,
    organization = {{The CGAL Project}},
    title = {{CGAL}},
    author = {{The CGAL Project}},
    year = 2021,
    url = {https://www.cgal.org/}
)
@misc(knolling:blog,
    organization = {Man Of Many},
    title = {50+ Knolling Photography Examples},
    author = {JACOB OSBORN},
    year = 2019,
    url = {https://manofmany.com/entertainment/art/knolling-photography-examples}
)
@incollection{cgal:convex_hull,
  author = {Susan Hert and Stefan Schirra},
  title = {{2D} Convex Hulls and Extreme Points},
  publisher = {{CGAL Editorial Board}},
  edition = {{5.2.2}},
  booktitle = {{CGAL} User and Reference Manual},
  url = {https://doc.cgal.org/5.2.2/Manual/packages.html#PkgConvexHull2},
  year = 2021
}
@misc(r2c:semgrep,
    organization = {Return To Corporation},
    title = {Semgrep},
    year = 2020,
    publisher = {GitHub},
    journal = {GitHub Repository},
    howpublished = {\url{https://github.com/returntocorp/semgrep}},
    commit = {e0c9bc22f2853954f648b4864ef8c3a127de72ac})

@misc(wsdl:spec,
    organization = {World Wide Web Consortium},
    title = {Web Service Description Language Version 2.0 Primer},
    year = 2007,
    version = "2.0",
    howpublished = {\url{https://www.w3.org/TR/wsdl20-primer/}})

@phdthesis{10.5555/932295,
    author = {Fielding, Roy Thomas and Taylor, Richard N.},
    title = {Architectural Styles and the Design of Network-Based Software Architectures},
    year = {2000},
    isbn = {0599871180},
    publisher = {University of California, Irvine},
    note = {AAI9980887}
}

@article{5010260,
    author={Gaffney, John E.},
    journal={IEEE Transactions on Software Engineering},
    title={Estimating the Number of Faults in Code},
    year={1984},
    volume={SE-10},
    number={4},
    pages={459-464},
    doi={10.1109/TSE.1984.5010260}}

@inproceedings{9159071,
    author={Karlsson, Stefan and Čaušević, Adnan and Sundmark, Daniel},
    booktitle={2020 IEEE 13th International Conference on Software Testing, Validation and Verification (ICST)},
    title={QuickREST: Property-based Test Generation of OpenAPI-Described RESTful APIs},
    year={2020},
    volume={},
    number={},
    pages={131-141},
    doi={10.1109/ICST46399.2020.00023}}

@inproceedings{10.1145/351240.351266,
    author = {Claessen, Koen and Hughes, John},
    title = {QuickCheck: A Lightweight Tool for Random Testing of Haskell Programs},
    year = {2000},
    isbn = {1581132026},
    publisher = {Association for Computing Machinery},
    address = {New York, NY, USA},
    url = {https://doi.org/10.1145/351240.351266},
    doi = {10.1145/351240.351266},
    booktitle = {Proceedings of the Fifth ACM SIGPLAN International Conference on Functional Programming},
    pages = {268–279},
    numpages = {12},
    series = {ICFP '00}
}
@inproceedings{algo_genetics_principios,
    author = {Marco Aurélio Cavalcanti Pacheco},
    title = {ALGORITMOS GEN{\'E}TICOS: PRINC{\'I}PIOS E APLICA{\cedilla{ç}}{\~O}ES},
    year = {s.d.},
    publisher = {ICA: Laboratório de Inteligência Computacional Aplicada},
    address = {Rio de Janeiro, RJ, Br},
    url = {http://www.inf.ufsc.br/~mauro.roisenberg/ine5377/Cursos-ICA/CE-intro_apost.pdf},
    booktitle = {ALGORITMOS GEN{\'E}TICOS: PRINC{\'I}PIOS E APLICAÇ{\~O}ES},
    pages = {5},
    numpages = {1},
}

@inproceedings{sferruzza:hal-01868498,
  title = {{Extending OpenAPI 3.0 to Build Web Services from their Specification}},
  author = {Sferruzza, David and Rocheteau, J{\'e}r{\^o}me and Attiogb{\'e}, Christian and Lanoix, Arnaud},
  url = {https://hal.archives-ouvertes.fr/hal-01868498},
  booktitle = {{International Conference on Web Information Systems and Technologies}},
  address = {Seville, Spain},
  organization = {{INSTICC}},
  year = {2018},
  month = Sep,
  keywords = {Software Engineering ; Web Applications ; Web Services ; Model-Driven Engineering ; OpenAPI 30},
  pdf = {https://hal.archives-ouvertes.fr/hal-01868498/file/extending-openapi.pdf},
  hal_id = {hal-01868498},
  hal_version = {v1},
}

@techreport{rfc2616,
  author = {Nielsen, Henrik and Mogul, Jeffrey and Masinter, Larry and Fielding, Roy and Gettys, Jim and Leach, Paul and Berners-Lee Tim},
  title = {Hypertext Transfer Protocol -- HTTP/1.1},
  howpublished = {Internet Requests for Comments},
  type = {RFC},
  number = 2616,
  year = {1999},
  month = {6},
  publisher = {RFC Editor},
  institution = {RFC Editor},
  url = {https://www.rfc-editor.org/rfc/rfc2616.txt}
}
